@manual{intel2017man,
  author = {{Intel Corporation}},
  title = {Intel 64 and IA-32 Architectures Software Developerâ€™s Manual},
  year = {2016},
  month = apr,
  organization = {Intel Corporation},
  note = {\url{http://www.intel.com/content/www/us/en/processors/architectures-software-developer-manuals.html},
   visited 2017-08-19}
}

@online{stack,
author = {guru99},
  title = {stackvs-heap},
  note = {\url{ https://www.guru99.com/stack-vs-heap.html },
  {Accessed: 08.07.2021}}
}
